<?xml version="1.0" encoding="UTF-8"?>
<Document xmlns="urn:iso:std:iso:20022:tech:xsd:pain.001.001.03" xmlns:xsi="http://www.w3.org/2001/XMLSchema-instance"><CstmrCdtTrfInitn><GrpHdr><MsgId>EBICSWIREREGLEMENT/2021-01-14</MsgId><CreDtTm>2021-01-14T13:19:08</CreDtTm><NbOfTxs>1</NbOfTxs><CtrlSum>631.17</CtrlSum><InitgPty><Nm>Treezor</Nm></InitgPty></GrpHdr><PmtInf><PmtInfId>PURCHASE REGLEMENT/2021-01-14</PmtInfId><PmtMtd>TRF</PmtMtd><BtchBookg>false</BtchBookg><PmtTpInf><SvcLvl><Cd>SEPA</Cd></SvcLvl></PmtTpInf><ReqdExctnDt>2021-01-14</ReqdExctnDt><Dbtr><Nm>Treezor</Nm></Dbtr><DbtrAcct><Id><IBAN>FR7615589589000065402604117</IBAN></Id></DbtrAcct><DbtrAgt><FinInstnId><BIC>CMBRFR2SXXX</BIC></FinInstnId></DbtrAgt><ChrgBr>SHAR</ChrgBr><CdtTrfTxInf><PmtId><EndToEndId>Balcon-2021-01-14</EndToEndId></PmtId><Amt><InstdAmt Ccy="EUR">631.17</InstdAmt></Amt><CdtrAgt><FinInstnId><BIC>BCMAFRTTXXX</BIC></FinInstnId></CdtrAgt><Cdtr><Nm>Balcon</Nm></Cdtr><CdtrAcct><Id><IBAN>FR7623890000021700009586041</IBAN></Id></CdtrAcct></CdtTrfTxInf></PmtInf></CstmrCdtTrfInitn></Document>
